|0000|016|0|01012025|31012025|EMPRESA DEMO LTDA|12345678000195||SP|3550308|35|1|1|0|
|0001|0|
|0100|ADMINISTRADOR||123456789|CPF|12345678901||1658000|Rua Demo 123||Centro|||3550308|11999999999|admin@demo.com|3550308|
|0110|3|3|1|2||1|
|0111|3000000.00|3000000.00|0.00|0.00|0.00|0.00|0.00|0.00|0.00|0.00|0.00|0.00|
|0140|0|FILIAL DEMO|EMPRESA DEMO LTDA|12345678000195||35|3550308|06020100||
|0150|FORN001|FORNECEDOR DEMO LTDA|1058|11222333000144||35|3550308|Rua Fornecedor 456||Bairro Demo|
|0190|UN|UNIDADE|
|0200|PROD001|MATERIA PRIMA INDUSTRIAL|7326.90.90|UN||0||0|01|0|0|0|0||0|
|0200|PROD002|INSUMO QUIMICO|2933.69.19|UN||0||0|01|0|0|0|0||0|
|0200|PROD003|EMBALAGEM PET|3923.30.00|UN||0||0|01|0|0|0|0||0|
|0200|PROD004|COMPONENTE ELETRONICO|8542.31.90|UN||0||0|01|0|0|0|0||0|
|0200|PROD005|SERVICO DE TRANSPORTE|0000.00.00|UN||0||0|09|0|0|0|0||0|
|0990|14|
|A001|1|
|A990|2|
|C001|0|
|C100|0|1|FORN001|55|00|001|000001|123456789012345678901234567890123456789012AB|02012025|02012025|150000.00|0|0|150000.00|0|27000.00|0|1200.00|0|0|0|0|0|0|0|0|0|0|0|
|C170|1|PROD001|500|UN|50000.00|0|0|0|1102|500|18.00|9000.00|0|0|0|50|50|0.0165|825.00|0.0760|3800.00|0|0|0|0|0|0|0|0|0|0|0|0|0|0|0|
|C170|2|PROD002|300|UN|40000.00|0|0|0|1102|500|18.00|7200.00|0|0|0|50|50|0.0165|660.00|0.0760|3040.00|0|0|0|0|0|0|0|0|0|0|0|0|0|0|0|
|C170|3|PROD003|200|UN|30000.00|0|0|0|1102|500|18.00|5400.00|0|0|0|50|50|0.0165|495.00|0.0760|2280.00|0|0|0|0|0|0|0|0|0|0|0|0|0|0|0|
|C170|4|PROD004|100|UN|30000.00|0|0|0|1102|500|18.00|5400.00|0|0|0|50|50|0.0165|495.00|0.0760|2280.00|0|0|0|0|0|0|0|0|0|0|0|0|0|0|0|
|C100|0|1|FORN001|55|00|001|000002|223456789012345678901234567890123456789012AB|10012025|10012025|200000.00|0|0|200000.00|0|36000.00|0|1600.00|0|0|0|0|0|0|0|0|0|0|0|
|C170|1|PROD001|800|UN|80000.00|0|0|0|1102|500|18.00|14400.00|0|0|0|50|50|0.0165|1320.00|0.0760|6080.00|0|0|0|0|0|0|0|0|0|0|0|0|0|0|0|
|C170|2|PROD002|400|UN|50000.00|0|0|0|1102|500|18.00|9000.00|0|0|0|50|50|0.0165|825.00|0.0760|3800.00|0|0|0|0|0|0|0|0|0|0|0|0|0|0|0|
|C170|3|PROD005|1|UN|70000.00|0|0|0|1352|500|0|0|0|0|0|50|50|0.0165|1155.00|0.0760|5320.00|0|0|0|0|0|0|0|0|0|0|0|0|0|0|0|
|C100|0|1|FORN001|55|00|001|000003|323456789012345678901234567890123456789012AB|20012025|20012025|100000.00|0|0|100000.00|0|18000.00|0|800.00|0|0|0|0|0|0|0|0|0|0|0|
|C170|1|PROD001|300|UN|40000.00|0|0|0|1102|500|18.00|7200.00|0|0|0|50|50|0.0165|660.00|0.0760|3040.00|0|0|0|0|0|0|0|0|0|0|0|0|0|0|0|
|C170|2|PROD004|200|UN|60000.00|0|0|0|1102|500|18.00|10800.00|0|0|0|50|50|0.0165|990.00|0.0760|4560.00|0|0|0|0|0|0|0|0|0|0|0|0|0|0|0|
|C190|1102|18.00|450000.00|96600.00|0|0|0|0|0|0|
|C990|16|
|D001|1|
|D990|2|
|M001|0|
|M100|0|50|450000.00|50|7425.00|50|0|7425.00|50|7425.00|50|0|0|0|
|M105|50|450000.00|0.0165|7425.00|
|M200|7425.00|0|0|0|0|0|0|7425.00|
|M210|50|7425.00|0.0165|7425.00|
|M500|0|66|450000.00|66|34200.00|66|0|34200.00|66|34200.00|66|0|0|0|
|M505|66|450000.00|0.0760|34200.00|
|M600|34200.00|0|0|0|0|0|0|34200.00|
|M610|66|34200.00|0.0760|34200.00|
|M990|13|
|9001|0|
|9900|0000|1|
|9900|0001|1|
|9900|0100|1|
|9900|0110|1|
|9900|0111|1|
|9900|0140|1|
|9900|0150|1|
|9900|0190|1|
|9900|0200|5|
|9900|0990|1|
|9900|A001|1|
|9900|A990|1|
|9900|C001|1|
|9900|C100|3|
|9900|C170|9|
|9900|C190|1|
|9900|C990|1|
|9900|D001|1|
|9900|D990|1|
|9900|M001|1|
|9900|M100|1|
|9900|M105|1|
|9900|M200|1|
|9900|M210|1|
|9900|M500|1|
|9900|M505|1|
|9900|M600|1|
|9900|M610|1|
|9900|M990|1|
|9900|9001|1|
|9900|9900|35|
|9900|9990|1|
|9900|9999|1|
|9990|37|
|9999|73|
